@book{etiquetaLibre1,
  author    = "Leonard Susskind and George Hrabovsky",
  title     = "Classical mechanics: the theoretical minimum",
  publisher = "Penguin Random House",
  address   = "New York, NY",
  year      = 2014
}

@inbook{CitekeyInbook,
  author    = "Lisa A. Urry and Michael L. Cain and Steven A. Wasserman and Peter V. Minorsky and Jane B. Reece",
  title     = "Photosynthesis",
  booktitle = "Campbell Biology",
  year      = "2016",
  publisher = "Pearson",
  address   = "New York, NY",
  pages     = "187--221"
}

@article{CitekeyArticle,
  author   = "P. J. Cohen",
  title    = "The independence of the continuum hypothesis",
  journal  = "Proceedings of the National Academy of Sciences",
  year     = 1963,
  volume   = "50",
  number   = "6",
  pages    = "1143--1148",
}

@website{CitasBiliografica,
    author  = "Paperpile LLC",
    title   = "The 14 BibTeX entry types",
    year    = "2024",
    url     = "https://www.bibtex.com/e/entry-types/",
    note    = "Consultado el 25/10/24"
}

@website{EcuacionesMath,
    author  = "Latex4technics",
    title   = "TLatex4technics",
    year    = "2024",
    url     = "https://www.latex4technics.com/",
    note    = "Consultado el 25/10/24"
}


@website{TalasExcel,
    author  = "Ivan Kokan",
    title   = "Excel2LaTeX",
    year    = "2017",
    url     = "https://github.com/ivankokan/Excel2LaTeX/releases/tag/v3.5.0",
    note    = "Consultado el 25/10/24"
}

@website{PlantillasOverlaf,
    author  = "Overleaf",
    title   = "Plantillas",
    year    = "2024",
    url     = "https://es.overleaf.com/latex/templates",
    note    = "Consultado el 25/10/24"
}